<record><leader>00000cas a22000007a 4500</leader><controlfield tag="001">13039616</controlfield><controlfield tag="008">860120d19161920njuwr ne      0    0eng d</controlfield><datafield ind1=" " ind2=" " tag="010"><subfield code="a">sn 85035901 </subfield></datafield><datafield ind1=" " ind2=" " tag="040"><subfield code="a">NPA</subfield><subfield code="b">eng</subfield><subfield code="c">NPA</subfield><subfield code="d">NJW</subfield><subfield code="d">MGN</subfield><subfield code="d">OCLCQ</subfield></datafield><datafield ind1=" " ind2=" " tag="042"><subfield code="a">msc</subfield></datafield><datafield ind1="0" ind2=" " tag="130"><subfield code="a">Princeton packet (Princeton, N.J. : 1916)</subfield></datafield><datafield ind1="1" ind2="0" tag="245"><subfield code="a">Princeton packet.</subfield></datafield><datafield ind1=" " ind2=" " tag="260"><subfield code="a">Princeton, N.J. :</subfield><subfield code="b">Packet Pub. Co.,</subfield><subfield code="c">1916-1920.</subfield></datafield><datafield ind1=" " ind2=" " tag="300"><subfield code="a">v. :</subfield><subfield code="b">ill. ;</subfield><subfield code="c">51 cm.</subfield></datafield><datafield ind1=" " ind2=" " tag="310"><subfield code="a">Weekly</subfield></datafield><datafield ind1="0" ind2=" " tag="362"><subfield code="a">Vol. 86, no. 7 (Feb. 11, 1916)-v. 90, no. 38 (Sept. 17, 1920).</subfield></datafield><datafield ind1=" " ind2=" " tag="752"><subfield code="a">United States</subfield><subfield code="b">New Jersey</subfield><subfield code="c">Mercer</subfield><subfield code="d">Princeton.</subfield></datafield><datafield ind1="0" ind2="0" tag="780"><subfield code="t">Princeton press (Princeton. N.J. : 1873)</subfield><subfield code="w">(DLC)sn 84026220</subfield><subfield code="w">(OCoLC)10340257</subfield></datafield><datafield ind1="0" ind2="0" tag="785"><subfield code="t">Packet (Princeton, N.J.)</subfield><subfield code="w">(DLC)sn 85035902</subfield><subfield code="w">(OCoLC)103039618</subfield></datafield></record>